%YAML 1.1
%TAG !u! tag:unity3d.com,2011:
--- !u!1 &7864615112016644599
GameObject:
  m_ObjectHideFlags: 0
  m_CorrespondingSourceObject: {fileID: 0}
  m_PrefabInstance: {fileID: 0}
  m_PrefabAsset: {fileID: 0}
  serializedVersion: 6
  m_Component:
  - component: {fileID: 7864615112016644592}
  m_Layer: 0
  m_Name: addgrenade
  m_TagString: Untagged
  m_Icon: {fileID: 0}
  m_NavMeshLayer: 0
  m_StaticEditorFlags: 0
  m_IsActive: 1
--- !u!4 &7864615112016644592
Transform:
  m_ObjectHideFlags: 0
  m_CorrespondingSourceObject: {fileID: 0}
  m_PrefabInstance: {fileID: 0}
  m_PrefabAsset: {fileID: 0}
  m_GameObject: {fileID: 7864615112016644599}
  m_LocalRotation: {x: 0, y: 0, z: 0, w: 1}
  m_LocalPosition: {x: 0, y: 0, z: 0}
  m_LocalScale: {x: 1, y: 1, z: 1}
  m_Children:
  - {fileID: 7864615112181837486}
  m_Father: {fileID: 0}
  m_RootOrder: 0
  m_LocalEulerAnglesHint: {x: 0, y: 0, z: 0}
--- !u!1 &7864615112181805710
GameObject:
  m_ObjectHideFlags: 0
  m_CorrespondingSourceObject: {fileID: 0}
  m_PrefabInstance: {fileID: 0}
  m_PrefabAsset: {fileID: 0}
  serializedVersion: 6
  m_Component:
  - component: {fileID: 7864615112181837486}
  - component: {fileID: 7864615112184704654}
  - component: {fileID: 7864615112183737422}
  - component: {fileID: 7864615111920886582}
  - component: {fileID: 7864615112181805711}
  m_Layer: 0
  m_Name: grenadeadd
  m_TagString: addgrenade
  m_Icon: {fileID: 0}
  m_NavMeshLayer: 0
  m_StaticEditorFlags: 0
  m_IsActive: 1
--- !u!4 &7864615112181837486
Transform:
  m_ObjectHideFlags: 0
  m_CorrespondingSourceObject: {fileID: 0}
  m_PrefabInstance: {fileID: 0}
  m_PrefabAsset: {fileID: 0}
  m_GameObject: {fileID: 7864615112181805710}
  m_LocalRotation: {x: -0.7071068, y: 0, z: 0, w: 0.7071068}
  m_LocalPosition: {x: 0, y: 1, z: -0}
  m_LocalScale: {x: 2, y: 2, z: 2}
  m_Children:
  - {fileID: 1679895586661548608}
  m_Father: {fileID: 7864615112016644592}
  m_RootOrder: 0
  m_LocalEulerAnglesHint: {x: -90, y: 0, z: 0}
--- !u!33 &7864615112184704654
MeshFilter:
  m_ObjectHideFlags: 0
  m_CorrespondingSourceObject: {fileID: 0}
  m_PrefabInstance: {fileID: 0}
  m_PrefabAsset: {fileID: 0}
  m_GameObject: {fileID: 7864615112181805710}
  m_Mesh: {fileID: 4300000, guid: a048a3ef12031514fa637d2c7ca8ac2d, type: 3}
--- !u!23 &7864615112183737422
MeshRenderer:
  m_ObjectHideFlags: 0
  m_CorrespondingSourceObject: {fileID: 0}
  m_PrefabInstance: {fileID: 0}
  m_PrefabAsset: {fileID: 0}
  m_GameObject: {fileID: 7864615112181805710}
  m_Enabled: 1
  m_CastShadows: 1
  m_ReceiveShadows: 1
  m_DynamicOccludee: 1
  m_MotionVectors: 1
  m_LightProbeUsage: 1
  m_ReflectionProbeUsage: 1
  m_RenderingLayerMask: 1
  m_RendererPriority: 0
  m_Materials:
  - {fileID: 2100000, guid: c41ddf3f6d84a054d815ae5c9e99ad27, type: 2}
  m_StaticBatchInfo:
    firstSubMesh: 0
    subMeshCount: 0
  m_StaticBatchRoot: {fileID: 0}
  m_ProbeAnchor: {fileID: 0}
  m_LightProbeVolumeOverride: {fileID: 0}
  m_ScaleInLightmap: 1
  m_PreserveUVs: 0
  m_IgnoreNormalsForChartDetection: 0
  m_ImportantGI: 0
  m_StitchLightmapSeams: 0
  m_SelectedEditorRenderState: 3
  m_MinimumChartSize: 4
  m_AutoUVMaxDistance: 0.5
  m_AutoUVMaxAngle: 89
  m_LightmapParameters: {fileID: 0}
  m_SortingLayerID: 0
  m_SortingLayer: 0
  m_SortingOrder: 0
--- !u!136 &7864615111920886582
CapsuleCollider:
  m_ObjectHideFlags: 0
  m_CorrespondingSourceObject: {fileID: 0}
  m_PrefabInstance: {fileID: 0}
  m_PrefabAsset: {fileID: 0}
  m_GameObject: {fileID: 7864615112181805710}
  m_Material: {fileID: 0}
  m_IsTrigger: 1
  m_Enabled: 1
  m_Radius: 0.10935814
  m_Height: 0.33950344
  m_Direction: 2
  m_Center: {x: 0, y: -0.0000002905727, z: 0.0000002905727}
--- !u!114 &7864615112181805711
MonoBehaviour:
  m_ObjectHideFlags: 0
  m_CorrespondingSourceObject: {fileID: 0}
  m_PrefabInstance: {fileID: 0}
  m_PrefabAsset: {fileID: 0}
  m_GameObject: {fileID: 7864615112181805710}
  m_Enabled: 1
  m_EditorHideFlags: 0
  m_Script: {fileID: 11500000, guid: 1a1ccf54b1a44af4e81798df68949f27, type: 3}
  m_Name: 
  m_EditorClassIdentifier: 
  speed: 75
  Parent: {fileID: 7864615112016644599}
  x: 0
  y: 0
  z: 1
  time: 20
--- !u!1001 &1679895586661423298
PrefabInstance:
  m_ObjectHideFlags: 0
  serializedVersion: 2
  m_Modification:
    m_TransformParent: {fileID: 7864615112181837486}
    m_Modifications:
    - target: {fileID: 100002, guid: ff0b0070d45af7e44ac27d76b8d6e03d, type: 3}
      propertyPath: m_Name
      value: CFXM2_ShinyItem
      objectReference: {fileID: 0}
    - target: {fileID: 400002, guid: ff0b0070d45af7e44ac27d76b8d6e03d, type: 3}
      propertyPath: m_LocalPosition.x
      value: 0
      objectReference: {fileID: 0}
    - target: {fileID: 400002, guid: ff0b0070d45af7e44ac27d76b8d6e03d, type: 3}
      propertyPath: m_LocalPosition.y
      value: 0
      objectReference: {fileID: 0}
    - target: {fileID: 400002, guid: ff0b0070d45af7e44ac27d76b8d6e03d, type: 3}
      propertyPath: m_LocalPosition.z
      value: 0
      objectReference: {fileID: 0}
    - target: {fileID: 400002, guid: ff0b0070d45af7e44ac27d76b8d6e03d, type: 3}
      propertyPath: m_LocalRotation.x
      value: -0
      objectReference: {fileID: 0}
    - target: {fileID: 400002, guid: ff0b0070d45af7e44ac27d76b8d6e03d, type: 3}
      propertyPath: m_LocalRotation.y
      value: -0
      objectReference: {fileID: 0}
    - target: {fileID: 400002, guid: ff0b0070d45af7e44ac27d76b8d6e03d, type: 3}
      propertyPath: m_LocalRotation.z
      value: -0
      objectReference: {fileID: 0}
    - target: {fileID: 400002, guid: ff0b0070d45af7e44ac27d76b8d6e03d, type: 3}
      propertyPath: m_LocalRotation.w
      value: 1
      objectReference: {fileID: 0}
    - target: {fileID: 400002, guid: ff0b0070d45af7e44ac27d76b8d6e03d, type: 3}
      propertyPath: m_RootOrder
      value: 0
      objectReference: {fileID: 0}
    - target: {fileID: 400002, guid: ff0b0070d45af7e44ac27d76b8d6e03d, type: 3}
      propertyPath: m_LocalEulerAnglesHint.x
      value: -90
      objectReference: {fileID: 0}
    - target: {fileID: 400002, guid: ff0b0070d45af7e44ac27d76b8d6e03d, type: 3}
      propertyPath: m_LocalEulerAnglesHint.y
      value: 0
      objectReference: {fileID: 0}
    - target: {fileID: 400002, guid: ff0b0070d45af7e44ac27d76b8d6e03d, type: 3}
      propertyPath: m_LocalEulerAnglesHint.z
      value: 0
      objectReference: {fileID: 0}
    - target: {fileID: 19800002, guid: ff0b0070d45af7e44ac27d76b8d6e03d, type: 3}
      propertyPath: InitialModule.startColor.maxColor.g
      value: 0.8965518
      objectReference: {fileID: 0}
    - target: {fileID: 19800002, guid: ff0b0070d45af7e44ac27d76b8d6e03d, type: 3}
      propertyPath: InitialModule.startColor.maxColor.b
      value: 0
      objectReference: {fileID: 0}
    m_RemovedComponents: []
  m_SourcePrefab: {fileID: 100100000, guid: ff0b0070d45af7e44ac27d76b8d6e03d, type: 3}
--- !u!4 &1679895586661548608 stripped
Transform:
  m_CorrespondingSourceObject: {fileID: 400002, guid: ff0b0070d45af7e44ac27d76b8d6e03d,
    type: 3}
  m_PrefabInstance: {fileID: 1679895586661423298}
  m_PrefabAsset: {fileID: 0}
